%YAML 1.1
%TAG !u! tag:unity3d.com,2011:
--- !u!1 &3040243342185759591
GameObject:
  m_ObjectHideFlags: 0
  m_CorrespondingSourceObject: {fileID: 0}
  m_PrefabInstance: {fileID: 0}
  m_PrefabAsset: {fileID: 0}
  serializedVersion: 6
  m_Component:
  - component: {fileID: 6907467409957954912}
  - component: {fileID: 3916955745359748712}
  - component: {fileID: 7421466338720086858}
  - component: {fileID: 1679023400062578429}
  - component: {fileID: 6551444688579501163}
  - component: {fileID: 7414213873970119681}
  - component: {fileID: 668492339130157678}
  - component: {fileID: 3598031036600514110}
  - component: {fileID: 265944532151051251}
  m_Layer: 0
  m_Name: HybridMeleeEnemyEntity
  m_TagString: Untagged
  m_Icon: {fileID: 0}
  m_NavMeshLayer: 0
  m_StaticEditorFlags: 0
  m_IsActive: 1
--- !u!4 &6907467409957954912
Transform:
  m_ObjectHideFlags: 0
  m_CorrespondingSourceObject: {fileID: 0}
  m_PrefabInstance: {fileID: 0}
  m_PrefabAsset: {fileID: 0}
  m_GameObject: {fileID: 3040243342185759591}
  serializedVersion: 2
  m_LocalRotation: {x: 0, y: 0, z: 0, w: 1}
  m_LocalPosition: {x: 0, y: 0, z: 0}
  m_LocalScale: {x: 1, y: 1, z: 1}
  m_ConstrainProportionsScale: 0
  m_Children: []
  m_Father: {fileID: 0}
  m_LocalEulerAnglesHint: {x: 0, y: 0, z: 0}
--- !u!114 &3916955745359748712
MonoBehaviour:
  m_ObjectHideFlags: 0
  m_CorrespondingSourceObject: {fileID: 0}
  m_PrefabInstance: {fileID: 0}
  m_PrefabAsset: {fileID: 0}
  m_GameObject: {fileID: 3040243342185759591}
  m_Enabled: 1
  m_EditorHideFlags: 0
  m_Script: {fileID: 11500000, guid: 73f01bf811e744b290c3bbd8287602f7, type: 3}
  m_Name: 
  m_EditorClassIdentifier: 
  destroyFXPrefab: {fileID: 7369031317046992499, guid: 18aaaa6bf3cfe4b779a107002b8e6e0f,
    type: 3}
  spawnFXPrefab: {fileID: 4222343935770691070, guid: 7bbd2e26bafac4d2c8d9489f9b24e1eb,
    type: 3}
--- !u!114 &7421466338720086858
MonoBehaviour:
  m_ObjectHideFlags: 0
  m_CorrespondingSourceObject: {fileID: 0}
  m_PrefabInstance: {fileID: 0}
  m_PrefabAsset: {fileID: 0}
  m_GameObject: {fileID: 3040243342185759591}
  m_Enabled: 1
  m_EditorHideFlags: 0
  m_Script: {fileID: 11500000, guid: fdd67a41ce964e3fb53700e26c8cf287, type: 3}
  m_Name: 
  m_EditorClassIdentifier: 
  gameObjectPrefab: {fileID: 6415917994717662022, guid: 94b31432abfbc4d0ba4b45ad115e14db,
    type: 3}
--- !u!114 &1679023400062578429
MonoBehaviour:
  m_ObjectHideFlags: 0
  m_CorrespondingSourceObject: {fileID: 0}
  m_PrefabInstance: {fileID: 0}
  m_PrefabAsset: {fileID: 0}
  m_GameObject: {fileID: 3040243342185759591}
  m_Enabled: 1
  m_EditorHideFlags: 0
  m_Script: {fileID: 11500000, guid: 71f7150a37ec4d4997b518de97e99cf9, type: 3}
  m_Name: 
  m_EditorClassIdentifier: 
  maxHp: 20
--- !u!114 &6551444688579501163
MonoBehaviour:
  m_ObjectHideFlags: 0
  m_CorrespondingSourceObject: {fileID: 0}
  m_PrefabInstance: {fileID: 0}
  m_PrefabAsset: {fileID: 0}
  m_GameObject: {fileID: 3040243342185759591}
  m_Enabled: 1
  m_EditorHideFlags: 0
  m_Script: {fileID: 11500000, guid: f5833ca0a8a84c8684c0afde58b31720, type: 3}
  m_Name: 
  m_EditorClassIdentifier: 
--- !u!114 &7414213873970119681
MonoBehaviour:
  m_ObjectHideFlags: 0
  m_CorrespondingSourceObject: {fileID: 0}
  m_PrefabInstance: {fileID: 0}
  m_PrefabAsset: {fileID: 0}
  m_GameObject: {fileID: 3040243342185759591}
  m_Enabled: 1
  m_EditorHideFlags: 0
  m_Script: {fileID: 11500000, guid: b275e5f92732148048d7b77e264ac30e, type: 3}
  m_Name: 
  m_EditorClassIdentifier: 
  m_ShapeType: 1
  m_PrimitiveCenter:
    x: 0
    y: 1
    z: 0
  m_PrimitiveSize:
    x: 1
    y: 1
    z: 2
  m_PrimitiveOrientation:
    Value:
      x: 90
      y: 0
      z: 0
    RotationOrder: 4
  m_Capsule:
    Height: 2
    Radius: 0.5
    Axis: 2
  m_Cylinder:
    Height: 2
    Radius: 0.5
    Axis: 2
  m_CylinderSideCount: 20
  m_SphereRadius: 1
  m_MinimumSkinnedVertexWeight: 0.1
  m_ConvexHullGenerationParameters:
    m_SimplificationTolerance: 0.015
    m_BevelRadius: 0.05
    m_MinimumAngle: 2.5000002
  m_CustomMesh: {fileID: 0}
  m_ForceUnique: 0
  m_Material:
    m_SupportsTemplate: 1
    m_Template: {fileID: 0}
    m_CollisionResponse:
      m_Override: 0
      m_Value: 0
    m_Friction:
      m_Override: 0
      m_Value:
        Value: 0.5
        CombineMode: 0
    m_Restitution:
      m_Override: 0
      m_Value:
        Value: 0
        CombineMode: 2
    m_BelongsToCategories:
      m_Override: 0
      m_Value:
        Category00: 1
        Category01: 0
        Category02: 0
        Category03: 0
        Category04: 0
        Category05: 0
        Category06: 0
        Category07: 0
        Category08: 0
        Category09: 0
        Category10: 0
        Category11: 0
        Category12: 0
        Category13: 0
        Category14: 0
        Category15: 0
        Category16: 0
        Category17: 0
        Category18: 0
        Category19: 0
        Category20: 0
        Category21: 0
        Category22: 0
        Category23: 0
        Category24: 0
        Category25: 0
        Category26: 0
        Category27: 0
        Category28: 0
        Category29: 0
        Category30: 0
        Category31: 0
    m_CollidesWithCategories:
      m_Override: 0
      m_Value:
        Category00: 0
        Category01: 0
        Category02: 0
        Category03: 1
        Category04: 0
        Category05: 0
        Category06: 0
        Category07: 0
        Category08: 0
        Category09: 0
        Category10: 0
        Category11: 0
        Category12: 0
        Category13: 0
        Category14: 0
        Category15: 0
        Category16: 0
        Category17: 0
        Category18: 0
        Category19: 0
        Category20: 0
        Category21: 0
        Category22: 0
        Category23: 0
        Category24: 0
        Category25: 0
        Category26: 0
        Category27: 0
        Category28: 0
        Category29: 0
        Category30: 0
        Category31: 0
    m_CustomMaterialTags:
      m_Override: 0
      m_Value:
        Tag00: 0
        Tag01: 0
        Tag02: 0
        Tag03: 0
        Tag04: 0
        Tag05: 0
        Tag06: 0
        Tag07: 0
    m_SerializedVersion: 1
  m_SerializedVersion: 1
--- !u!114 &668492339130157678
MonoBehaviour:
  m_ObjectHideFlags: 0
  m_CorrespondingSourceObject: {fileID: 0}
  m_PrefabInstance: {fileID: 0}
  m_PrefabAsset: {fileID: 0}
  m_GameObject: {fileID: 3040243342185759591}
  m_Enabled: 1
  m_EditorHideFlags: 0
  m_Script: {fileID: 11500000, guid: ccea9ea98e38942e0b0938c27ed1903e, type: 3}
  m_Name: 
  m_EditorClassIdentifier: 
  m_MotionType: 1
  m_Smoothing: 0
  m_Mass: 100
  m_LinearDamping: 0.01
  m_AngularDamping: 0.05
  m_InitialLinearVelocity:
    x: 0
    y: 0
    z: 0
  m_InitialAngularVelocity:
    x: 0
    y: 0
    z: 0
  m_GravityFactor: 0
  m_OverrideDefaultMassDistribution: 0
  m_CenterOfMass:
    x: 0
    y: 0
    z: 0
  m_Orientation:
    Value:
      x: 0
      y: 0
      z: 0
    RotationOrder: 4
  m_InertiaTensor:
    x: 0.4
    y: 0.4
    z: 0.4
  m_WorldIndex: 0
  m_CustomTags:
    Tag00: 0
    Tag01: 0
    Tag02: 0
    Tag03: 0
    Tag04: 0
    Tag05: 0
    Tag06: 0
    Tag07: 0
--- !u!114 &3598031036600514110
MonoBehaviour:
  m_ObjectHideFlags: 0
  m_CorrespondingSourceObject: {fileID: 0}
  m_PrefabInstance: {fileID: 0}
  m_PrefabAsset: {fileID: 0}
  m_GameObject: {fileID: 3040243342185759591}
  m_Enabled: 1
  m_EditorHideFlags: 0
  m_Script: {fileID: 11500000, guid: 3c00da1e878148e29f600bc3e6e2b1d0, type: 3}
  m_Name: 
  m_EditorClassIdentifier: 
  punchPrefab: {fileID: 2261423471594364399, guid: 36c66a750f66a42819740687ce5368b5,
    type: 3}
--- !u!114 &265944532151051251
MonoBehaviour:
  m_ObjectHideFlags: 0
  m_CorrespondingSourceObject: {fileID: 0}
  m_PrefabInstance: {fileID: 0}
  m_PrefabAsset: {fileID: 0}
  m_GameObject: {fileID: 3040243342185759591}
  m_Enabled: 1
  m_EditorHideFlags: 0
  m_Script: {fileID: 11500000, guid: 811d5618d9154e5abc4cc30a31900a00, type: 3}
  m_Name: 
  m_EditorClassIdentifier: 
  maxAmmo: 1
  reloadTime: 0
  rateOfFire: 1.6
